<record><leader>00000cas a2200000 a 4500</leader><controlfield tag="001">9025669</controlfield><controlfield tag="008">821206d18551858meuwr ne      0   a0eng c</controlfield><datafield ind1=" " ind2=" " tag="010"><subfield code="a">sn 99066007 </subfield></datafield><datafield ind1=" " ind2=" " tag="040"><subfield code="a">XDM</subfield><subfield code="b">eng</subfield><subfield code="c">XDM</subfield><subfield code="d">NYS</subfield><subfield code="d">MBN</subfield><subfield code="d">OCL</subfield><subfield code="d">CVF</subfield><subfield code="d">MBN</subfield><subfield code="d">OCLCG</subfield><subfield code="d">OCLCQ</subfield><subfield code="d">OCLCF</subfield><subfield code="d">OCLCO</subfield></datafield><datafield ind1=" " ind2=" " tag="042"><subfield code="a">pcc</subfield></datafield><datafield ind1=" " ind2=" " tag="043"><subfield code="a">n-us-me</subfield></datafield><datafield ind1="0" ind2="0" tag="245"><subfield code="a">Drew's rural intelligencer.</subfield></datafield><datafield ind1=" " ind2=" " tag="260"><subfield code="a">Augusta, Me. :</subfield><subfield code="b">Wm. A. Drew,</subfield><subfield code="c">1855-</subfield></datafield><datafield ind1=" " ind2=" " tag="300"><subfield code="a">v. :</subfield><subfield code="b">ill. ;</subfield><subfield code="c">32 cm.</subfield></datafield><datafield ind1=" " ind2=" " tag="310"><subfield code="a">Weekly</subfield></datafield><datafield ind1="0" ind2=" " tag="362"><subfield code="a">Vol. 1, no. 1 (Jan. 6, 1855)-</subfield></datafield><datafield ind1="1" ind2=" " tag="362"><subfield code="a">Ceased in 1858.</subfield></datafield><datafield ind1=" " ind2=" " tag="500"><subfield code="a">Place of publication also given as: Gardiner, 1857.</subfield></datafield><datafield ind1=" " ind2="0" tag="650"><subfield code="a">Country life</subfield><subfield code="v">Periodicals.</subfield></datafield><datafield ind1=" " ind2="0" tag="651"><subfield code="a">Augusta (Me.)</subfield><subfield code="v">Newspapers.</subfield></datafield><datafield ind1=" " ind2="7" tag="655"><subfield code="a">Newspapers.</subfield><subfield code="2">fast</subfield><subfield code="0">(OCoLC)fst01423814</subfield></datafield><datafield ind1=" " ind2="7" tag="655"><subfield code="a">Periodicals.</subfield><subfield code="2">fast</subfield><subfield code="0">(OCoLC)fst01411641</subfield></datafield><datafield ind1=" " ind2="7" tag="650"><subfield code="a">Country life.</subfield><subfield code="2">fast</subfield><subfield code="0">(OCoLC)fst00881405</subfield></datafield><datafield ind1=" " ind2="7" tag="651"><subfield code="a">Maine</subfield><subfield code="z">Augusta.</subfield><subfield code="2">fast</subfield><subfield code="0">(OCoLC)fst01209573</subfield></datafield><datafield ind1="1" ind2=" " tag="700"><subfield code="a">Drew, William Allen,</subfield><subfield code="d">1798-1879.</subfield></datafield><datafield ind1=" " ind2=" " tag="752"><subfield code="a">United States</subfield><subfield code="b">Maine</subfield><subfield code="c">Kennebec</subfield><subfield code="d">Augusta.</subfield></datafield><datafield ind1="0" ind2="5" tag="780"><subfield code="t">Saturday evening transcript</subfield><subfield code="w">(DLC)sn 84022445</subfield></datafield><datafield ind1="0" ind2="0" tag="785"><subfield code="t">Rural intelligencer</subfield><subfield code="w">(OCoLC)9025669</subfield></datafield></record>